@misc{andrews2001risk,
  title={Risk management for public key management infrastructure using digital certificates},
  author={Andrews, Richard F and Williams, Peter and Lin, Judy},
  year={2001},
  month=nov # "~27",
  publisher={Google Patents},
  note={US Patent 6,324,645}
}
